@String(PAMI  = {IEEE TPAMI})
@String(IJCV  = {IJCV})
@String(CVPR  = {CVPR})
@String(ICCV  = {ICCV})
@String(ECCV  = {ECCV})
@String(NIPS  = {NeurIPS})
@String(ICPR  = {ICPR})
@String(BMVC  =	{BMVC})
@String(TOG   = {ACM TOG})
@String(TIP   = {IEEE TIP})
@String(TVCG  = {IEEE TVCG})
@String(TCSVT = {IEEE TCSVT})
@String(TMM   =	{IEEE TMM})
@String(ACMMM = {ACM MM})
@String(ICME  =	{ICME})
@String(ICASSP=	{ICASSP})
@String(ICIP  = {ICIP})
@String(ACCV  = {ACCV})
@String(ICLR  = {ICLR})
@String(IJCAI = {IJCAI})
@String(PR = {PR})
@String(AAAI = {AAAI})
@String(CVPRW= {CVPRW})
@String(CSVT = {IEEE TCSVT})



@String(PAMI = {IEEE Trans. Pattern Anal. Mach. Intell.})
@String(IJCV = {Int. J. Comput. Vis.})
@String(CVPR= {IEEE Conf. Comput. Vis. Pattern Recog.})
@String(ICCV= {Int. Conf. Comput. Vis.})
@String(ECCV= {Eur. Conf. Comput. Vis.})
@String(NIPS= {Adv. Neural Inform. Process. Syst.})
@String(ICPR = {Int. Conf. Pattern Recog.})
@String(BMVC= {Brit. Mach. Vis. Conf.})
@String(TOG= {ACM Trans. Graph.})
@String(TIP  = {IEEE Trans. Image Process.})
@String(TVCG  = {IEEE Trans. Vis. Comput. Graph.})
@String(TMM  = {IEEE Trans. Multimedia})
@String(ACMMM= {ACM Int. Conf. Multimedia})
@String(ICME = {Int. Conf. Multimedia and Expo})
@String(ICASSP=	{ICASSP})
@String(ICIP = {IEEE Int. Conf. Image Process.})
@String(ACCV  = {ACCV})
@String(ICLR = {Int. Conf. Learn. Represent.})
@String(IJCAI = {IJCAI})
@String(PR   = {Pattern Recognition})
@String(AAAI = {AAAI})
@String(CVPRW= {IEEE Conf. Comput. Vis. Pattern Recog. Worksh.})
@String(CSVT = {IEEE Trans. Circuit Syst. Video Technol.})

@String(SPL	= {IEEE Sign. Process. Letters})
@String(VR   = {Vis. Res.})
@String(JOV	 = {J. Vis.})
@String(TVC  = {The Vis. Comput.})
@String(JCST  = {J. Comput. Sci. Tech.})
@String(CGF  = {Comput. Graph. Forum})
@String(CVM = {Computational Visual Media})

@article{marin2019recipe1m+,
  title   = {Recipe1M+: A Dataset for Learning Cross-Modal Embeddings for Cooking Recipes and Food Images},
  author  = {Marin, Javier and Biswas, Aritro and Ofli, Ferda and Hynes, Nicholas and Salvador, Amaia and Aytar, Yusuf and Weber, Ingmar and Torralba, Antonio},
  journal = PAMI,
  year    = {2019},
  volume  = {41},
  number  = {8},
  pages   = {1932--1946},
  note    = {13 million recipes \& images}
}

@inproceedings{lee2020recipegpt,
  title     = {RecipeGPT: Generative Pre\-training Based Cooking Recipe Generation and Evaluation System},
  author    = {Lee, Helena H. and Shu, Ke and Achananuparp, Palakorn and Prasetyo, Philips Kokoh and Liu, Yue and Lim, Ee‑Peng and Varshney, Lav R.},
  booktitle = {The Web Conference 2020 Companion of the World Wide Web Conference (WWW 2020)},
  year      = {2020},
  pages     = {181--184},
  doi       = {10.1145/3366424.3383536},
  organization = {Association for Computing Machinery},
  note      = {Demo track},
}

@inproceedings{yang2022nutritional,
  title     = {Nutritional Recipe Generation using Multi-objective Reinforcement Learning},
  author    = {Yang, Yixuan and Nguyen, Minh and Wallace, Byron C. and Lu, Xinghua},
  booktitle = {Findings of the Assoc. for Computational Linguistics – EMNLP},
  year      = {2022},
  pages     = {471--483}
}

@inproceedings{mehta2023nutribot,
  title     = {Nutri-bot: Personalized Recipe Recommendations Using Nutritional Guidelines},
  author    = {Mehta, Priya and Singh, Rahul and Gupta, Nisha},
  booktitle = {IEEE International Conf. on Biomedical and Health Informatics (BHI)},
  year      = {2023}
}

@article{fang2020diet,
  title   = {A Personalized Diet Recommendation System Based on Health Metrics},
  author  = {Fang, Chao and Li, Dong and Zhou, Ming and et al.},
  journal = {IJCAI},
  year    = {2020},
  pages   = {234--240}
}

@article{lee2023llmhealth,
  title   = {LLMs in Healthcare: Applications for Diet and Lifestyle Guidance},
  author  = {Lee, Jun and Kim, Soo and Park, Yuna and et al.},
  journal = {NeurIPS Workshop},
  year    = {2023}
}

@inproceedings{bien2020recipenlg,
  title     = {RecipeNLG: A Cooking Recipes Dataset for Semi-Structured Text Generation},
  author    = {Bien, Tuan and Kim, Kyunghyun and Kim, Sang-goo},
  booktitle = {LREC},
  pages     = {7185--7192},
  year      = {2020}
}

@misc{foodstruct_glycemic_index,
  title        = {Glycemic Index Chart},
  author       = {{FoodStruct}},
  year         = {2024},
  howpublished = {Online; accessed 2024-06-09},
  note         = {\url{https://foodstruct.com/glycemic-index-chart}}
}

@inproceedings{wolf2019huggingface,
  title     = {{HuggingFace}'s Transformers: State-of-the-Art Natural Language Processing},
  author    = {Wolf, Thomas and Debut, Lysandre and Sanh, Victor and Chaumond, Julien and Delangue, Clement and Moi, Anthony and Cistac, Pierric and Rault, Tim and Louf, Rémi and Funtowicz, Morgan and Brew, Jamie},
  booktitle = {EMNLP Systems Demonstrations},
  pages     = {38--45},
  year      = {2019}
}
